<?xml version="1.0" encoding="UTF-8"?><collection><record><leader>08032ntm a2200649 a 4500</leader><controlfield tag="001">007508683</controlfield><controlfield tag="003">MiAaHDL</controlfield><controlfield tag="005">20190719000000.0</controlfield><controlfield tag="006">m        d        </controlfield><controlfield tag="007">cr bn ---auaua</controlfield><controlfield tag="008">100226q16501699xx            00| ||ota d</controlfield><datafield tag="035" ind1=" " ind2=" "><subfield code="a">(MiU)007508683</subfield></datafield><datafield tag="035" ind1=" " ind2=" "><subfield code="a">sdr-miu007508683</subfield></datafield><datafield tag="040" ind1=" " ind2=" "><subfield code="a">MiU</subfield><subfield code="c">MiU</subfield><subfield code="e">amremm</subfield></datafield><datafield tag="041" ind1="0" ind2=" "><subfield code="a">ota</subfield></datafield><datafield tag="043" ind1=" " ind2=" "><subfield code="a">n-us-mi</subfield></datafield><datafield tag="245" ind1="0" ind2="0"><subfield code="6">880-03</subfield><subfield code="a">Mecmua-yı devâvîn-i şuarâ,</subfield><subfield code="f">[mid to late 17th or early 18th century?].</subfield></datafield><datafield tag="260" ind1=" " ind2=" "><subfield code="c">[1650-1699?].</subfield></datafield><datafield tag="300" ind1=" " ind2=" "><subfield code="a">197 leaves :</subfield><subfield code="b">paper ;</subfield><subfield code="c">288 x 102 (250 x 65) mm.</subfield></datafield><datafield tag="500" ind1=" " ind2=" "><subfield code="a">Shelfmark: Ann Arbor, University of Michigan, Special Collections Library, Isl. Ms. 1045</subfield></datafield><datafield tag="500" ind1=" " ind2=" "><subfield code="a">Origin: Lacks dated colophon ; contents, paper, etc. would suggest mid to late 17th century.</subfield></datafield><datafield tag="500" ind1=" " ind2=" "><subfield code="a">Accompanying materials: Descriptive notes on University of Michigan letterhead in hand of Eleazer Birnbaum, signed ("E. Birnbaum") and dated May 26 1964, "Turkish MS. written in a taʻlīk hand. 204 ffol. 'Title' on first flyleave مجموعه دواوين شعرا = Memūʻa-yı Devāvīn-i Şuʻarā | 'Collection of Turkish Divans.' Contains 1. Divan of Riyāzī Efendi and his Sāḳī-nāme and his Rubāʻīyat (Quatrains) 2. Yaḥyā Efendī's Sāḳī-nāme 3. Dīvān of Nādirī Efendi 4. Divan of Ḥaletī Ef. 5. Tezkere-i Şuʻarā of Riyāzī Efendi (incomplete) [= Biographical dictionary of Ottoman poets] 6. Divan of Sabrī [d. 1645] 7. Dīvān of Nevʻīzāde ʻAtāʼī [1583-1634] 8. Divan of Veysī Efendi [1561-1628] 9. Muḳaddime of Ḳaysūnzāde | Copy ca. 17-18th cent."</subfield></datafield><datafield tag="500" ind1=" " ind2=" "><subfield code="a">Binding: Pasteboards covered in dark red-brown leather ; Type III binding (without flap) ; pastedowns and flyleaves in shell marbled wove paper (mainly in shades of blue) ; upper and lower covers carry stamped lozenge ornament filled with symmetrical vegetal composition set off by gold-painted accents, as well as gold-painted rule borders ; now sewn in white thread, six stations, tightly bound ; worked chevron endbands in white and olive green, excellent condition ; overall in fair condition with some negative draw in covers, abrasion, lifting and losses of leather, minor delamination of boards, etc. ; repairs to spine (rebacked) and board corners in dark mauve-brown leather ; housed in custom box for protection.</subfield></datafield><datafield tag="500" ind1=" " ind2=" "><subfield code="a">Support: European laid paper of several types ; main type with 10 laid lines per cm. (horizontal), chain lines spaced 20-22 mm. apart (vertical), and watermark of latin cross in heart with initials "B S" above (see p.74, 388, etc.) ; another type with 11 laid lines per cm. (horizontal), chain lines spaced roughly 33 mm. apart (vertical) and watermark of three circles with crescent in uppermost and initials in middle, cross above (see p.110, 120, 130, 150, 244, etc.) ; another type with 10 laid lines per cm. (horizontal), chain lines spaced roughly 25 mm. apart (vertical), and watermark of paschal lamb (see p.154, 156, etc.) ; all thin and quite transluscent though sturdy, well-burnished to glossy ; some leaves tinted yellow, pale blue or pink ; other watermarks include "V d" / "b V" under trefoil countermark (p.6), crossbow in circle (p.10) and maltese cross in circle (p.108, 128) ; flyleaves in European laid paper with 6-7 laid lines per cm. (horizontal), chain lines spaced 28 mm. apart (vertical), watermark of crown-star-crescent (see front flyleaf, p.2) and countermark of "S S" under trefoil (see back flyleaf, p.400).</subfield></datafield><datafield tag="500" ind1=" " ind2=" "><subfield code="a">Decoration: Headings and keywords rubricated ; overlining in red (often of names appearing in the verses, i.e. of poet, etc.) ; textual dividers in the form of inverted commas in red.</subfield></datafield><datafield tag="500" ind1=" " ind2=" "><subfield code="a">Script: Nastaʻlīq (talik) ; mainly an elegant Turkish / Ottoman hand in a medium line ; spacious and serifless with slight effect of inclination to the right, gentle descent of words to baseline, elongation of horizontal strokes, mainly closed counters, pointing (two and three dots) mainly in strokes.</subfield></datafield><datafield tag="500" ind1=" " ind2=" "><subfield code="a">Layout: Highly variable, but as many as 41 lines per page, typically in two columns, occasionally on the diagonal with further lines up the center ; frame-ruled.</subfield></datafield><datafield tag="500" ind1=" " ind2=" "><subfield code="a">Collation: ii, II (4), 4 V(44), II+3 (51), 6 V(111), II+2 (117), V (127), IV+1 (136), V (146), V+1 (157), 3 V(187), V-1+1 (197), iii ; chiefly quinions ; catchwords present (often obscured by guards) ; leaves between sections often left fully or partially blank ; foliation in pencil, Western numerals (possibly supplied by bookseller) ; pagination in pencil, Western numerals, supplied during cataloguing (includes some flyleaves and mistakenly skips two pages between pp.307-308).</subfield></datafield><datafield tag="500" ind1=" " ind2=" "><subfield code="a">Incipit: "معراجية ومدح حضرت سيد الكونين صلى الله تعالى عليه وسلم كم ايتدى جوهرن خاك انجره خورشيد جهان آرا انى بولماغه غريال ايتدى حاضر طارم والا ..."</subfield></datafield><datafield tag="500" ind1=" " ind2=" "><subfield code="a">Title from inscription on front flyleaf (p.2).</subfield></datafield><datafield tag="500" ind1=" " ind2=" "><subfield code="a">Ms. codex.</subfield></datafield><datafield tag="510" ind1="4" ind2=" "><subfield code="a">Velkov, Asparouh. Les filigranes dans les documents ottomans: divers types d’images. Sofia: Éditions "Texte - A. Trayanov," 2005.</subfield></datafield><datafield tag="510" ind1="4" ind2=" "><subfield code="a">Heawood, Edward. Watermarks mainly of the 17th and 18th centuries. (Monumenta Chartae Papyraceae, vol. I). Hilversum: The Paper Publications Society, 1950.</subfield></datafield><datafield tag="510" ind1="4" ind2=" "><subfield code="a">İz, Fahir. "Ḥāletī." In EI2.</subfield></datafield><datafield tag="510" ind1="4" ind2=" "><subfield code="a">Andrews, W.G. and Mehmet Kalpakli. "Yaḥyā." In EI2.</subfield></datafield><datafield tag="510" ind1="4" ind2=" "><subfield code="a">Alpay Tekin, Gönül. "Riyāḍī." In EI2.</subfield></datafield><datafield tag="520" ind1="8" ind2=" "><subfield code="a">Fine "agenda" format volume containing assorted excerpts from the collected poems of several Turkish poets, including Riyâzî (d.1644), Zekeriyazade Yahya Efendi (d.1644), Ganîzâde Nâdirî Mehmet Efendi (d.1626), Azmîzade Mustafa Haletî (d.1631), Sabrî (Mehmet Şerîf b. Ahmed İlmî Edirnevî, d.1646), Nevizade Atayi Ataullah b. Yahya (d.1635), and Veysî (Üveys b. Mehmet Alaşehrî, d.1628), as well as from Riyâzî's biographical dictionary of poets ; contents listing on added leaf at opening (p.3). Contributions to the cataloguing from Elizabeth Kunze.</subfield></datafield><datafield tag="538" ind1=" " ind2=" "><subfield code="a">Mode of access: Internet.</subfield></datafield><datafield tag="546" ind1=" " ind2=" "><subfield code="a">Ottoman Turkish.</subfield></datafield><datafield tag="561" ind1=" " ind2=" "><subfield code="a">Description of contents "Türk Diwansammlg. Rijāzī, Jaḥja, Nādirī n. a." and possible inventory marks (including "O16 / 1559," "82," "Or. Hr. XII") on verso of outer front flyleaf ; birth / naming notices on p.3 and p.257 ; further poetic excerpts at opening and close of codex, as well as between sections ; listing of goods at on back flyleaf (p.398).</subfield></datafield><datafield tag="650" ind1=" " ind2="0"><subfield code="a">Manuscripts, Turkish</subfield><subfield code="z">Michigan</subfield><subfield code="z">Ann Arbor.</subfield></datafield><datafield tag="650" ind1=" " ind2="0"><subfield code="a">Turkish poetry</subfield><subfield code="v">Early works to 1800.</subfield></datafield><datafield tag="700" ind1="0" ind2="2"><subfield code="6">880-11</subfield><subfield code="a">Veysî,</subfield><subfield code="d">1561-1628.</subfield><subfield code="t">Poems.</subfield><subfield code="k">Selections.</subfield></datafield><datafield tag="700" ind1="1" ind2="2"><subfield code="6">880-09</subfield><subfield code="a">ʻAṭā'ī, ʻAṭā Allāh ibn Yaḥyā,</subfield><subfield code="d">active 17th century.</subfield><subfield code="t">Poems.</subfield><subfield code="k">Selections.</subfield></datafield><datafield tag="700" ind1="0" ind2="2"><subfield code="6">880-08</subfield><subfield code="a">Sabrî,</subfield><subfield code="d">d. 1646.</subfield><subfield code="t">Poems.</subfield><subfield code="k">Selections</subfield></datafield><datafield tag="700" ind1="0" ind2="2"><subfield code="6">880-07</subfield><subfield code="a">Azmîzade Mustafa Haletî,</subfield><subfield code="d">1569 or 1570-1630 or 1631.</subfield><subfield code="t">Poems.</subfield><subfield code="k">Selections.</subfield></datafield><datafield tag="700" ind1="0" ind2="2"><subfield code="6">880-06</subfield><subfield code="a">Ganîzâde Mehmet Nâdirî,</subfield><subfield code="d">1572-1626.</subfield><subfield code="t">Poems.</subfield><subfield code="k">Selections</subfield></datafield><datafield tag="700" ind1="0" ind2="2"><subfield code="6">880-05</subfield><subfield code="a">Yahya Efendi,</subfield><subfield code="d">1553?-1644.</subfield><subfield code="t">Poems.</subfield><subfield code="k">Selections.</subfield></datafield><datafield tag="700" ind1="0" ind2="2"><subfield code="6">880-04</subfield><subfield code="a">Riyâzî Mehmet,</subfield><subfield code="d">1572-1644.</subfield><subfield code="t">Poems.</subfield><subfield code="k">Selections</subfield></datafield><datafield tag="880" ind1="0" ind2="2"><subfield code="6">700-11/</subfield><subfield code="a">ويسى.</subfield><subfield code="t">ديوان.</subfield><subfield code="k">مختارات</subfield></datafield><datafield tag="880" ind1="0" ind2="2"><subfield code="6">700-09/</subfield><subfield code="a">عطائى عطا الله بن يحيى.</subfield><subfield code="t">ديوان.</subfield><subfield code="k">مختارات</subfield></datafield><datafield tag="880" ind1="0" ind2="2"><subfield code="6">700-08/</subfield><subfield code="a">صبرى.</subfield><subfield code="t">ديوان.</subfield><subfield code="k">مختارات</subfield></datafield><datafield tag="880" ind1="0" ind2="2"><subfield code="6">700-07/</subfield><subfield code="a">عظمى زاده مصطفى حالتى.</subfield><subfield code="t">ديوان.</subfield><subfield code="k">مختارات</subfield></datafield><datafield tag="880" ind1="0" ind2="2"><subfield code="6">700-06/</subfield><subfield code="a">كنى زاده محمد نادرى.</subfield><subfield code="t">ديوان.</subfield><subfield code="k">مختارات</subfield></datafield><datafield tag="880" ind1="0" ind2="2"><subfield code="6">700-05/</subfield><subfield code="a">يحيى افندى.</subfield><subfield code="t">ديوان.</subfield><subfield code="k">مختارات</subfield></datafield><datafield tag="880" ind1="0" ind2="2"><subfield code="6">700-04/</subfield><subfield code="a">رياضى محمد.</subfield><subfield code="t">ديوان.</subfield><subfield code="k">مختارات</subfield></datafield><datafield tag="880" ind1="0" ind2="0"><subfield code="6">245-03/</subfield><subfield code="a">مجموعه دواوين شعرا،</subfield><subfield code="f">[اواسط الى اواخر القرن 17 او اوائل القرن 18م؟].</subfield></datafield><datafield tag="CID" ind1=" " ind2=" "><subfield code="a">007508683</subfield></datafield><datafield tag="DAT" ind1="0" ind2=" "><subfield code="a">20190719102642.0</subfield><subfield code="b">20190719000000.0</subfield></datafield><datafield tag="DAT" ind1="1" ind2=" "><subfield code="a">20190719090653.0</subfield><subfield code="b">2019-07-19T16:12:33Z</subfield></datafield><datafield tag="DAT" ind1="2" ind2=" "><subfield code="a">2015-10-10T18:00:06Z</subfield></datafield><datafield tag="CAT" ind1=" " ind2=" "><subfield code="a">SDR-MIU</subfield><subfield code="d">EX LIBRIS - ALEPH</subfield><subfield code="l">prepare.pl-004-008</subfield></datafield><datafield tag="FMT" ind1=" " ind2=" "><subfield code="a">BK</subfield></datafield><datafield tag="HOL" ind1=" " ind2=" "><subfield code="0">sdr-miu007508683</subfield><subfield code="a">MiU</subfield><subfield code="b">SDR</subfield><subfield code="c">MIU</subfield><subfield code="p">mdp.39015079132778</subfield><subfield code="s">MIU</subfield><subfield code="1">007508683</subfield></datafield><datafield tag="974" ind1=" " ind2=" "><subfield code="b">MIU</subfield><subfield code="c">MIU</subfield><subfield code="d">20190719</subfield><subfield code="s">lit-dlps-dc</subfield><subfield code="u">mdp.39015079132778</subfield><subfield code="y">1699</subfield><subfield code="r">pd</subfield><subfield code="q">bib</subfield><subfield code="t">non-US bib date2 &lt; 1896</subfield></datafield></record></collection>